

%Ryden's intro to astrophysics
@book{ryden2010foundations,
  title={Foundations of Astrophysics},
  author={Ryden, B.S. and Peterson, B.M.},
  isbn={9780321595584},
  lccn={2008053844},
  url={http://books.google.com/books?id=1p7tOwAACAAJ},
  year={2010},
  publisher={Addison-Wesley}
}