
%An Introduction to Modern Astrophysics book, found upstairs
@book{carroll2007introduction,
  title={An Introduction to Modern Astrophysics},
  author={Carroll, B.W. and Ostlie, D.A.},
  isbn={9780805304022},
  lccn={2006015391},
  url={http://books.google.com/books?id=M8wPAQAAMAAJ},
  year={2007},
  publisher={Pearson Addison-Wesley}
}

@article{geltman1962,
  title={That Bound-Free Absorption Coefficient of the Hydrogen Negative Ion.},
  author={Geltman, S},
  journal={The Astrophysical Journal},
  volume={136},
  pages={935},
  year={1962}
}


%Stellar Interiors book, relevant pages, 213, 367 (sort of), at least I think.
@book{hansen1994stellar,
  title={Stellar Interiors: Physical Principles, Structure, and Evolution},
  author={Hansen, C.J. and Kawaler, S.D.},
  number={v. 1},
  isbn={9780387941387},
  lccn={93027498},
  series={Astronomy and astrophysics library},
  url={http://books.google.com/books?id=m-\_6LYuUbUkC},
  year={1994},
  publisher={U.S. Government Printing Office}
}

@article{john1988,
  title={Continuous absorption by the negative hydrogen ion reconsidered},
  author={John, TL},
  journal={Astronomy and Astrophysics},
  volume={193},
  pages={189--192},
  year={1988}
}

@ARTICLE{phelpsbajaj1983,
   author = {{Phelps}, D.~E. and {Bajaj}, K.~K.},
    title = "{Effect of screening due to free mobile charges on the binding energy of an H(-)ion}",
  journal = {\apj},
 keywords = {Hydrogen Ions, Negative Ions, Nuclear Binding Energy, Particle Interactions, Screen Effect, Charge Transfer, Hamiltonian Functions, Variational Principles},
     year = 1983,
    month = may,
   volume = 268,
    pages = {447-450},
      doi = {10.1086/160970},
   adsurl = {http://adsabs.harvard.edu/abs/1983ApJ...268..447P},
  adsnote = {Provided by the SAO/NASA Astrophysics Data System}
}

@ARTICLE{rau1996,
   author = {{Rau}, A.~R.~P.},
    title = "{The Negative Ion of Hydrogen}",
  journal = {Journal of Astrophysics and Astronomy},
     year = 1996,
    month = dec,
   volume = 17,
    pages = {113},
      doi = {10.1007/BF02702300},
   adsurl = {http://adsabs.harvard.edu/abs/1996JApA...17..113R},
  adsnote = {Provided by the SAO/NASA Astrophysics Data System}
}

%Ryden's intro to astrophysics
@book{ryden2010foundations,
  title={Foundations of Astrophysics},
  author={Ryden, B.S. and Peterson, B.M.},
  isbn={9780321595584},
  lccn={2008053844},
  url={http://books.google.com/books?id=1p7tOwAACAAJ},
  year={2010},
  publisher={Addison-Wesley}
}

